<?xml version="1.0" encoding="UTF-8"?><collection xmlns="http://www.loc.gov/MARC21/slim"><record><leader>00333nam--2200133-i-4500</leader><controlfield tag="001">000032212</controlfield><controlfield tag="002">20161230</controlfield><controlfield tag="005">20161230201039</controlfield><controlfield tag="008">060222s1000------------r-----000-0-eng-d</controlfield><datafield ind1=" " ind2=" " tag="080"><subfield code="a">62-5.001:519.5:621.374.3</subfield></datafield><datafield ind1=" " ind2=" " tag="100"><subfield code="a">Mayeda, Wataru</subfield></datafield><datafield ind1=" " ind2=" " tag="245"><subfield code="a">Graph theory</subfield></datafield><datafield ind1=" " ind2=" " tag="260"><subfield code="a">New York, Wiley-interscience, 1972, X + 588p</subfield></datafield><datafield ind1=" " ind2=" " tag="852"><subfield code="a">39443</subfield></datafield></record></collection>